@Book{fowler,
  author    = "Martin Fowler",
  title     = "Patterns of Enterprise Application Architecture",
  publisher = "Addison Wesley",
  edition   = "1th",
  year      =  2002,
}

@Misc{CSTUG,
  key    = "web:cstug",
  author = "",
  title  = "{CSTUG} --- {\CS}{\TeX} {U}sers {G}roup --- hlavní stránka",
  note   = "\\ \verb|http://www.cstug.cz/|, stav z 2.\,3.\,2009",
}

@Misc{infodp,
  key    = "web:infodp",
  author = "",
  title  = "K336 {I}nfo --- pokyny pro psaní diplomových prací",
  note   = "\\ \verb|https://info336.felk.cvut.cz/clanek.php?id=400|, stav ze 4.\,5.\,2009",
}

@Misc{infobp,
  key    = "web:infobp",
  author = "",
  title  = "K336 {I}nfo --- pokyny pro psaní bakalářských prací",
  note   = "\\ \verb|https://info336.felk.cvut.cz/clanek.php?id=504|, stav ze 4.\,5.\,2009",
}

% CITACE

@ONLINE{ko:ilp-sucha,
  author = "{Ing. Přemysl Šůcha, Ph.D.}",
  title = "Celočíselné lineární programování",
  year = 2004,
  url = "http://support.dce.felk.cvut.cz/pub/hanzalek/_private/ref/sucha_ilp.pdf"
}

@Misc{wiki:semantika,
  key    = "wiki:parovani",
  author = "{Přispěvovatelé wikipedie}",
  title  = "{Sémantika programovacích jazyků}",
  url   = "http://cs.wikipedia.org/wiki/Sémantika_programovacích_jazyků"
}

@Misc{lambda,
  key    = "lambda",
  author = "Petr Zemek",
  title  = "lambda kalkul rychle a pochopitelně",
  url   = "http://publications.petrzemek.net/articles/PZ_-_IPP-Lambda-Kalkul.pdf"
}

@Misc{corba,
  key    = "corba",
  author = "PCWorld",
  title  = "Co je to CORBA? aneb middleware dneška",
  url   = "http://pcworld.cz/software/co-je-to-corba-aneb-middleware-dneska-15175"
}

@Misc{wssecurity,
  key    = "wssecurity",
  author = "docs.oracle.com",
  title  = "About Web Services Security Models",
  url   = "http://docs.oracle.com/cd/E19575-01/820-3746/ghjhs/index.html"
}